@Manual{utils,
  title = {R: A Language and Environment for Statistical Computing},
  author = {{R Core Team}},
  organization = {R Foundation for Statistical Computing},
  address = {Vienna, Austria},
  year = {2018},
  url = {https://www.R-project.org/},
}

@Manual{nlme,
  title = {{nlme}: Linear and Nonlinear Mixed Effects Models},
  author = {Jose Pinheiro and Douglas Bates and Saikat DebRoy and Deepayan Sarkar and {R Core Team}},
  year = {2018},
  note = {R package version 3.1-137},
  url = {https://CRAN.R-project.org/package=nlme},
}

@Manual{lmodel2,
  title = {lmodel2: Model II Regression},
  author = {Pierre Legendre},
  year = {2018},
  note = {R package version 1.7-3},
  url = {https://CRAN.R-project.org/package=lmodel2},
}

@Article{visreg,
  author = {Patrick Breheny and Woodrow Burchett},
  title = {Visualization of Regression Models Using visreg},
  journal = {The R Journal},
  year = {2017},
  volume = {9},
  pages = {56--71},
  number = {2},
}

@Manual{bold,
  title = {bold: Interface to Bold Systems API},
  author = {Scott Chamberlain},
  year = {2017},
  note = {R package version 0.5.0},
  url = {https://CRAN.R-project.org/package=bold},
}

@Article{lubridate,
  title = {Dates and Times Made Easy with {lubridate}},
  author = {Garrett Grolemund and Hadley Wickham},
  journal = {Journal of Statistical Software},
  year = {2011},
  volume = {40},
  number = {3},
  pages = {1--25},
  url = {http://www.jstatsoft.org/v40/i03/},
}

@Manual{RColorBrewer,
  title = {RColorBrewer: ColorBrewer Palettes},
  author = {Erich Neuwirth},
  year = {2014},
  note = {R package version 1.1-2},
  url = {https://CRAN.R-project.org/package=RColorBrewer},
}

@Manual{httr,
  title = {httr: Tools for Working with URLs and HTTP},
  author = {Hadley Wickham},
  year = {2017},
  note = {R package version 1.3.1},
  url = {https://CRAN.R-project.org/package=httr},
}

@Manual{rprojroot,
  title = {rprojroot: Finding Files in Project Subdirectories},
  author = {Kirill Müller},
  year = {2018},
  note = {R package version 1.3-2},
  url = {https://CRAN.R-project.org/package=rprojroot},
}

@Manual{tools,
  title = {R: A Language and Environment for Statistical Computing},
  author = {{R Core Team}},
  organization = {R Foundation for Statistical Computing},
  address = {Vienna, Austria},
  year = {2018},
  url = {https://www.R-project.org/},
}

@Manual{backports,
  title = {backports: Reimplementations of Functions Introduced Since R-3.0.0},
  author = {Michel Lang},
  year = {2017},
  note = {R package version 1.1.2},
  url = {https://CRAN.R-project.org/package=backports},
}

@Manual{utf8,
  title = {utf8: Unicode Text Processing},
  author = {Patrick O. Perry},
  year = {2018},
  note = {R package version 1.1.4},
  url = {https://CRAN.R-project.org/package=utf8},
}

@Manual{rgdal,
  title = {rgdal: Bindings for the 'Geospatial' Data Abstraction Library},
  author = {Roger Bivand and Tim Keitt and Barry Rowlingson},
  year = {2018},
  note = {R package version 1.3-2},
  url = {https://CRAN.R-project.org/package=rgdal},
}

@Manual{R6,
  title = {R6: Classes with Reference Semantics},
  author = {Winston Chang},
  year = {2017},
  note = {R package version 2.2.2},
  url = {https://CRAN.R-project.org/package=R6},
}

@Manual{rpart,
  title = {rpart: Recursive Partitioning and Regression Trees},
  author = {Terry Therneau and Beth Atkinson},
  year = {2018},
  note = {R package version 4.1-13},
  url = {https://CRAN.R-project.org/package=rpart},
}

@Manual{lazyeval,
  title = {lazyeval: Lazy (Non-Standard) Evaluation},
  author = {Hadley Wickham},
  year = {2017},
  note = {R package version 0.2.1},
  url = {https://CRAN.R-project.org/package=lazyeval},
}

@Article{mgcv1,
  title = {Fast stable restricted maximum likelihood and marginal 
likelihood estimation of semiparametric generalized linear models},
  journal = {Journal of the Royal Statistical Society (B)},
  volume = {73},
  number = {1},
  pages = {3-36},
  year = {2011},
  author = {S. N. Wood},
}

@Article{mgcv2,
  title = {Smoothing parameter and model selection for general smooth models (with discussion)},
  author = {S.N. Wood and {N.} and {Pya} and B. S{"a}fken},
  journal = {Journal of the American Statistical Association},
  year = {2016},
  pages = {1548-1575},
  volume = {111},
}

@Article{mgcv3,
  title = {Stable and efficient multiple smoothing parameter estimation for 
         generalized additive models},
  journal = {Journal of the American Statistical Association},
  volume = {99},
  number = {467},
  pages = {673-686},
  year = {2004},
  author = {S. N. Wood},
}

@Book{mgcv4,
  title = {Generalized Additive Models: An Introduction with R},
  year = {2017},
  author = {S.N Wood},
  edition = {2},
  publisher = {Chapman and Hall/CRC},
}

@Article{mgcv5,
  title = {Thin-plate regression splines},
  journal = {Journal of the Royal Statistical Society (B)},
  volume = {65},
  number = {1},
  pages = {95-114},
  year = {2003},
  author = {S. N. Wood},
}

@Manual{colorspace1,
  title = {{colorspace}: Color Space Manipulation},
  author = {Ross Ihaka and Paul Murrell and Kurt Hornik and Jason C. Fisher and Achim Zeileis},
  year = {2016},
  note = {R package version 1.3-2},
  url = {https://CRAN.R-project.org/package=colorspace},
}

@Article{colorspace2,
  title = {Escaping {RGB}land: Selecting Colors for Statistical Graphics},
  author = {Achim Zeileis and Kurt Hornik and Paul Murrell},
  journal = {Computational Statistics \& Data Analysis},
  year = {2009},
  volume = {53},
  number = {9},
  pages = {3259--3270},
  doi = {10.1016/j.csda.2008.11.033},
}

@Article{colorspace3,
  title = {Somewhere over the Rainbow: How to Make Effective Use of Colors in Meteorological Visualizations},
  author = {Reto Stauffer and Georg J. Mayr and Markus Dabernig and Achim Zeileis},
  journal = {Bulletin of the American Meteorological Society},
  year = {2009},
  volume = {96},
  number = {2},
  pages = {203--216},
  doi = {10.1175/BAMS-D-13-00155.1},
}

@Manual{raster,
  title = {raster: Geographic Data Analysis and Modeling},
  author = {Robert J. Hijmans},
  year = {2017},
  note = {R package version 2.6-7},
  url = {https://CRAN.R-project.org/package=raster},
}

@Article{simecol,
  title = {simecol: An Object-Oriented Framework for Ecological Modeling in R},
  author = {Thomas Petzoldt and Karsten Rinke},
  journal = {Journal of Statistical Software},
  volume = {22},
  number = {9},
  pages = {1--31},
  year = {2007},
  coden = {JSSOBK},
  issn = {1548-7660},
  url = {http://www.jstatsoft.org/v22/i09},
  doi = {10.18637/jss.v022.i09},
  keywords = {ecological modeling, individual-based model,
               object-oriented programming (OOP),
               code-sharing, R.},
}

@Article{sp1,
  author = {Edzer J. Pebesma and Roger S. Bivand},
  title = {Classes and methods for spatial data in {R}},
  journal = {R News},
  year = {2005},
  volume = {5},
  number = {2},
  pages = {9--13},
  month = {November},
  url = {https://CRAN.R-project.org/doc/Rnews/},
}

@Book{sp2,
  author = {Roger S. Bivand and Edzer Pebesma and Virgilio Gomez-Rubio},
  title = {Applied spatial data analysis with {R}, Second edition},
  year = {2013},
  publisher = {Springer, NY},
  url = {http://www.asdar-book.org/},
}

@Manual{tidyselect,
  title = {tidyselect: Select from a Set of Strings},
  author = {Lionel Henry and Hadley Wickham},
  year = {2018},
  note = {R package version 0.2.4},
  url = {https://CRAN.R-project.org/package=tidyselect},
}

@Manual{gridExtra,
  title = {gridExtra: Miscellaneous Functions for "Grid" Graphics},
  author = {Baptiste Auguie},
  year = {2017},
  note = {R package version 2.3},
  url = {https://CRAN.R-project.org/package=gridExtra},
}

@Manual{mnormt,
  title = {The {R} package \texttt{mnormt}: The multivariate normal and $t$ distributions (version 1.5-5)},
  author = {Adelchi Azzalini and Alan Genz},
  year = {2016},
  url = {http://azzalini.stat.unipd.it/SW/Pkg-mnormt},
}

@Manual{curl,
  title = {curl: A Modern and Flexible Web Client for R},
  author = {Jeroen Ooms},
  year = {2018},
  note = {R package version 3.2},
  url = {https://CRAN.R-project.org/package=curl},
}

@Manual{compiler,
  title = {R: A Language and Environment for Statistical Computing},
  author = {{R Core Team}},
  organization = {R Foundation for Statistical Computing},
  address = {Vienna, Austria},
  year = {2018},
  url = {https://www.R-project.org/},
}

@Manual{cli,
  title = {cli: Helpers for Developing Command Line Interfaces},
  author = {Gábor Csárdi},
  year = {2017},
  note = {R package version 1.0.0},
  url = {https://CRAN.R-project.org/package=cli},
}

@Manual{rvest,
  title = {rvest: Easily Harvest (Scrape) Web Pages},
  author = {Hadley Wickham},
  year = {2016},
  note = {R package version 0.3.2},
  url = {https://CRAN.R-project.org/package=rvest},
}

@Manual{quantreg,
  title = {quantreg: Quantile Regression},
  author = {Roger Koenker},
  year = {2018},
  note = {R package version 5.36},
  url = {https://CRAN.R-project.org/package=quantreg},
}

@Manual{pacman,
  title = {{pacman}: {P}ackage Management for {R}},
  author = {Tyler W. Rinker and Dason Kurkiewicz},
  organization = {University at Buffalo/SUNY},
  address = {Buffalo, New York},
  note = {version 0.4.6},
  year = {2017},
  url = {http://github.com/trinker/pacman},
}

@Manual{datasets,
  title = {R: A Language and Environment for Statistical Computing},
  author = {{R Core Team}},
  organization = {R Foundation for Statistical Computing},
  address = {Vienna, Austria},
  year = {2018},
  url = {https://www.R-project.org/},
}

@Manual{SparseM,
  title = {SparseM: Sparse Linear Algebra},
  author = {Roger Koenker and Pin Ng},
  year = {2017},
  note = {R package version 1.77},
  url = {https://CRAN.R-project.org/package=SparseM},
}

@Manual{xml2,
  title = {xml2: Parse XML},
  author = {Hadley Wickham and James Hester and Jeroen Ooms},
  year = {2018},
  note = {R package version 1.2.0},
  url = {https://CRAN.R-project.org/package=xml2},
}

@Article{CHNOSZ,
  title = {Calculation of the relative metastabilities of proteins using the CHNOSZ software package},
  author = {Jeffrey M. Dick},
  journal = {Geochemical Transactions},
  year = {2008},
  volume = {9},
  number = {10},
  month = {October},
  doi = {10.1186/1467-4866-9-10},
}

@Manual{base,
  title = {R: A Language and Environment for Statistical Computing},
  author = {{R Core Team}},
  organization = {R Foundation for Statistical Computing},
  address = {Vienna, Austria},
  year = {2018},
  url = {https://www.R-project.org/},
}

@Manual{scales,
  title = {scales: Scale Functions for Visualization},
  author = {Hadley Wickham},
  year = {2017},
  note = {R package version 0.5.0},
  url = {https://CRAN.R-project.org/package=scales},
}

@Manual{spatstat.data,
  title = {spatstat.data: Datasets for 'spatstat'},
  author = {Adrian Baddeley and Rolf Turner and Ege Rubak},
  year = {2018},
  note = {R package version 1.3-1},
  url = {https://CRAN.R-project.org/package=spatstat.data},
}

@Manual{hexbin,
  title = {hexbin: Hexagonal Binning Routines},
  author = {Dan Carr and ported by Nicholas Lewin-Koh and Martin Maechler and contains copies of lattice functions written by Deepayan Sarkar},
  year = {2018},
  note = {R package version 1.27.2},
  url = {https://CRAN.R-project.org/package=hexbin},
}

@Manual{psych,
  title = {psych: Procedures for Psychological, Psychometric, and Personality Research},
  author = {William Revelle},
  organization = { Northwestern University},
  address = { Evanston, Illinois},
  year = {2018},
  note = {R package version 1.8.4},
  url = {https://CRAN.R-project.org/package=psych},
}

@Manual{readr,
  title = {readr: Read Rectangular Text Data},
  author = {Hadley Wickham and Jim Hester and Romain Francois},
  year = {2017},
  note = {R package version 1.1.1},
  url = {https://CRAN.R-project.org/package=readr},
}

@Book{spatstat1,
  title = {Spatial Point Patterns: Methodology and Applications with {R}},
  author = {Adrian Baddeley and Ege Rubak and Rolf Turner},
  year = {2015},
  publisher = {Chapman and Hall/CRC Press},
  address = {London},
  url = {http://www.crcpress.com/Spatial-Point-Patterns-Methodology-and-Applications-with-R/Baddeley-Rubak-Turner/9781482210200/},
}

@Article{spatstat2,
  title = {Hybrids of Gibbs Point Process Models and Their Implementation},
  author = {Adrian Baddeley and Rolf Turner and Jorge Mateu and Andrew Bevan},
  journal = {Journal of Statistical Software},
  year = {2013},
  volume = {55},
  number = {11},
  pages = {1--43},
  url = {http://www.jstatsoft.org/v55/i11/},
}

@Article{spatstat3,
  title = {{spatstat}: An {R} Package for Analyzing Spatial Point Patterns},
  author = {Adrian Baddeley and Rolf Turner},
  journal = {Journal of Statistical Software},
  year = {2005},
  volume = {12},
  number = {6},
  pages = {1--42},
  url = {http://www.jstatsoft.org/v12/i06/},
}

@Manual{goftest,
  title = {goftest: Classical Goodness-of-Fit Tests for Univariate Distributions},
  author = {Julian Faraway and George Marsaglia and John Marsaglia and Adrian Baddeley},
  year = {2017},
  note = {R package version 1.1-1},
  url = {https://CRAN.R-project.org/package=goftest},
}

@Manual{stringr,
  title = {stringr: Simple, Consistent Wrappers for Common String Operations},
  author = {Hadley Wickham},
  year = {2018},
  note = {R package version 1.3.1},
  url = {https://CRAN.R-project.org/package=stringr},
}

@Manual{foreign,
  title = {foreign: Read Data Stored by 'Minitab', 'S', 'SAS', 'SPSS', 'Stata',
'Systat', 'Weka', 'dBase', ...},
  author = {{R Core Team}},
  year = {2017},
  note = {R package version 0.8-70},
  url = {https://CRAN.R-project.org/package=foreign},
}

@Manual{spatstat.utils,
  title = {spatstat.utils: Utility Functions for 'spatstat'},
  author = {Adrian Baddeley and Rolf Turner and Ege Rubak},
  year = {2018},
  note = {R package version 1.8-2},
  url = {https://CRAN.R-project.org/package=spatstat.utils},
}

@Manual{minqa,
  title = {minqa: Derivative-free optimization algorithms by quadratic
approximation},
  author = {Douglas Bates and Katharine M. Mullen and John C. Nash and Ravi Varadhan},
  year = {2014},
  note = {R package version 1.2.4},
  url = {https://CRAN.R-project.org/package=minqa},
}

@Manual{pkgconfig,
  title = {pkgconfig: Private Configuration for 'R' Packages},
  author = {Gábor Csárdi},
  year = {2017},
  note = {R package version 2.0.1},
  url = {https://CRAN.R-project.org/package=pkgconfig},
}

@Manual{bibtex,
  title = {bibtex: Bibtex Parser},
  author = {Romain Francois},
  year = {2017},
  note = {R package version 0.4.2},
  url = {https://CRAN.R-project.org/package=bibtex},
}

@Manual{grDevices,
  title = {R: A Language and Environment for Statistical Computing},
  author = {{R Core Team}},
  organization = {R Foundation for Statistical Computing},
  address = {Vienna, Austria},
  year = {2018},
  url = {https://www.R-project.org/},
}

@Manual{rlang,
  title = {rlang: Functions for Base Types and Core R and 'Tidyverse' Features},
  author = {Lionel Henry and Hadley Wickham},
  year = {2018},
  note = {R package version 0.2.1},
  url = {https://CRAN.R-project.org/package=rlang},
}

@Manual{readxl,
  title = {readxl: Read Excel Files},
  author = {Hadley Wickham and Jennifer Bryan},
  year = {2018},
  note = {R package version 1.1.0},
  url = {https://CRAN.R-project.org/package=readxl},
}

@Manual{rstudioapi,
  title = {rstudioapi: Safely Access the RStudio API},
  author = {JJ Allaire and Hadley Wickham and Kevin Ushey and Gary Ritchie},
  year = {2017},
  note = {R package version 0.7},
  url = {https://CRAN.R-project.org/package=rstudioapi},
}

@Manual{bindr,
  title = {bindr: Parametrized Active Bindings},
  author = {Kirill Müller},
  year = {2018},
  note = {R package version 0.1.1},
  url = {https://CRAN.R-project.org/package=bindr},
}

@Article{zoo,
  title = {zoo: S3 Infrastructure for Regular and Irregular Time Series},
  author = {Achim Zeileis and Gabor Grothendieck},
  journal = {Journal of Statistical Software},
  year = {2005},
  volume = {14},
  number = {6},
  pages = {1--27},
  doi = {10.18637/jss.v014.i06},
}

@Article{jsonlite,
  title = {The jsonlite Package: A Practical and Consistent Mapping Between JSON Data and R Objects},
  author = {Jeroen Ooms},
  journal = {arXiv:1403.2805 [stat.CO]},
  year = {2014},
  url = {https://arxiv.org/abs/1403.2805},
}

@Manual{dplyr,
  title = {dplyr: A Grammar of Data Manipulation},
  author = {Hadley Wickham and Romain François and Lionel Henry and Kirill Müller},
  year = {2018},
  note = {R package version 0.7.5},
  url = {https://CRAN.R-project.org/package=dplyr},
}

@Manual{magrittr,
  title = {magrittr: A Forward-Pipe Operator for R},
  author = {Stefan Milton Bache and Hadley Wickham},
  year = {2014},
  note = {R package version 1.5},
  url = {https://CRAN.R-project.org/package=magrittr},
}

@Manual{Matrix,
  title = {Matrix: Sparse and Dense Matrix Classes and Methods},
  author = {Douglas Bates and Martin Maechler},
  year = {2018},
  note = {R package version 1.2-14},
  url = {https://CRAN.R-project.org/package=Matrix},
}

@Article{Rcpp1,
  title = {{Rcpp}: Seamless {R} and {C++} Integration},
  author = {Dirk Eddelbuettel and Romain Fran\c{c}ois},
  journal = {Journal of Statistical Software},
  year = {2011},
  volume = {40},
  number = {8},
  pages = {1--18},
  url = {http://www.jstatsoft.org/v40/i08/},
  doi = {10.18637/jss.v040.i08},
}

@Book{Rcpp2,
  title = {Seamless {R} and {C++} Integration with {Rcpp}},
  author = {Dirk Eddelbuettel},
  publisher = {Springer},
  address = {New York},
  year = {2013},
  note = {ISBN 978-1-4614-6867-7},
  doi = {10.1007/978-1-4614-6868-4},
}

@Article{Rcpp3,
  title = {{Extending 	extit{R} with 	extit{C++}: A Brief Introduction to 	extit{Rcpp}}},
  author = {Dirk Eddelbuettel and James Joseph Balamuta},
  journal = {PeerJ Preprints},
  year = {2017},
  month = {aug},
  volume = {5},
  pages = {e3188v1},
  issn = {2167-9843},
  url = {https://doi.org/10.7287/peerj.preprints.3188v1},
  doi = {10.7287/peerj.preprints.3188v1},
}

@Manual{munsell,
  title = {munsell: Utilities for Using Munsell Colours},
  author = {Charlotte Wickham},
  year = {2016},
  note = {R package version 0.4.3},
  url = {https://CRAN.R-project.org/package=munsell},
}

@Article{ape,
  title = {A{PE}: analyses of phylogenetics and evolution in {R} language},
  author = {E. Paradis and J. Claude and K. Strimmer},
  journal = {Bioinformatics},
  year = {2004},
  volume = {20},
  pages = {289-290},
}

@Manual{abind,
  title = {abind: Combine Multidimensional Arrays},
  author = {Tony Plate and Richard Heiberger},
  year = {2016},
  note = {R package version 1.4-5},
  url = {https://CRAN.R-project.org/package=abind},
}

@Manual{stringi,
  title = {R package stringi: Character string processing facilities},
  author = {Marek Gagolewski},
  year = {2018},
  url = {http://www.gagolewski.com/software/stringi/},
}

@Manual{yaml,
  title = {yaml: Methods to Convert R Data to YAML and Back},
  author = {Jeremy Stephens and Kirill Simonov and Yihui Xie and Zhuoer Dong and Hadley Wickham and Jeffrey Horner and {reikoch} and Will Beasley and Brendan O'Connor and Gregory R. Warnes},
  year = {2018},
  note = {R package version 2.1.19},
  url = {https://CRAN.R-project.org/package=yaml},
}

@Article{plyr,
  title = {The Split-Apply-Combine Strategy for Data Analysis},
  author = {Hadley Wickham},
  journal = {Journal of Statistical Software},
  year = {2011},
  volume = {40},
  number = {1},
  pages = {1--29},
  url = {http://www.jstatsoft.org/v40/i01/},
}

@Manual{grid,
  title = {R: A Language and Environment for Statistical Computing},
  author = {{R Core Team}},
  organization = {R Foundation for Statistical Computing},
  address = {Vienna, Austria},
  year = {2018},
  url = {https://www.R-project.org/},
}

@Manual{parallel,
  title = {R: A Language and Environment for Statistical Computing},
  author = {{R Core Team}},
  organization = {R Foundation for Statistical Computing},
  address = {Vienna, Austria},
  year = {2018},
  url = {https://www.R-project.org/},
}

@Manual{forcats,
  title = {forcats: Tools for Working with Categorical Variables (Factors)},
  author = {Hadley Wickham},
  year = {2018},
  note = {R package version 0.3.0},
  url = {https://CRAN.R-project.org/package=forcats},
}

@Manual{crayon,
  title = {crayon: Colored Terminal Output},
  author = {Gábor Csárdi},
  year = {2017},
  note = {R package version 1.3.4},
  url = {https://CRAN.R-project.org/package=crayon},
}

@Manual{methods,
  title = {R: A Language and Environment for Statistical Computing},
  author = {{R Core Team}},
  organization = {R Foundation for Statistical Computing},
  address = {Vienna, Austria},
  year = {2018},
  url = {https://www.R-project.org/},
}

@Manual{deldir,
  title = {deldir: Delaunay Triangulation and Dirichlet (Voronoi) Tessellation},
  author = {Rolf Turner},
  year = {2018},
  note = {R package version 0.1-15},
  url = {https://CRAN.R-project.org/package=deldir},
}

@Manual{rasterVis,
  title = {{rasterVis}},
  author = {Oscar Perpi{\~n}{\'a}n and Robert Hijmans},
  year = {2018},
  url = {http://oscarperpinan.github.io/rastervis/},
  note = {R package version 0.45},
}

@Book{lattice,
  title = {Lattice: Multivariate Data Visualization with R},
  author = {Deepayan Sarkar},
  publisher = {Springer},
  address = {New York},
  year = {2008},
  note = {ISBN 978-0-387-75968-5},
  url = {http://lmdvr.r-forge.r-project.org},
}

@Manual{haven,
  title = {haven: Import and Export 'SPSS', 'Stata' and 'SAS' Files},
  author = {Hadley Wickham and Evan Miller},
  year = {2018},
  note = {R package version 1.1.1},
  url = {https://CRAN.R-project.org/package=haven},
}

@Manual{cowplot,
  title = {cowplot: Streamlined Plot Theme and Plot Annotations for 'ggplot2'},
  author = {Claus O. Wilke},
  year = {2017},
  note = {R package version 0.9.2},
  url = {https://CRAN.R-project.org/package=cowplot},
}

@Manual{tensor,
  title = {tensor: Tensor product of arrays},
  author = {Jonathan Rougier},
  year = {2012},
  note = {R package version 1.5},
  url = {https://CRAN.R-project.org/package=tensor},
}

@Manual{hms,
  title = {hms: Pretty Time of Day},
  author = {Kirill Müller},
  year = {2018},
  note = {R package version 0.4.2},
  url = {https://CRAN.R-project.org/package=hms},
}

@Manual{pillar,
  title = {pillar: Coloured Formatting for Columns},
  author = {Kirill Müller and Hadley Wickham},
  year = {2018},
  note = {R package version 1.2.3},
  url = {https://CRAN.R-project.org/package=pillar},
}

@Article{taxize1,
  title = {taxize - taxonomic search and retrieval in R},
  journal = {F1000Research},
  author = {{Scott Chamberlain} and {Eduard Szocs}},
  year = {2013},
  url = {http://f1000research.com/articles/2-191/v2},
}

@Manual{taxize2,
  title = {taxize: Taxonomic information from around the web},
  author = {Scott Chamberlain and Eduard Szoecs and Zachary Foster and Zebulun Arendsee and Carl Boettiger and Karthik Ram and Ignasi Bartomeus and John Baumgartner and James O'Donnell and Jari Oksanen and Bastian Greshake Tzovaras and Philippe Marchand and Vinh Tran},
  year = {2018},
  note = {R package version 0.9.3},
  url = {https://github.com/ropensci/taxize},
}

@Article{reshape2,
  title = {Reshaping Data with the {reshape} Package},
  author = {Hadley Wickham},
  journal = {Journal of Statistical Software},
  year = {2007},
  volume = {21},
  number = {12},
  pages = {1--20},
  url = {http://www.jstatsoft.org/v21/i12/},
}

@Manual{codetools,
  title = {codetools: Code Analysis Tools for R},
  author = {Luke Tierney},
  year = {2016},
  note = {R package version 0.2-15},
  url = {https://CRAN.R-project.org/package=codetools},
}

@Manual{crul,
  title = {crul: HTTP Client},
  author = {Scott Chamberlain},
  year = {2018},
  note = {R package version 0.5.2},
  url = {https://CRAN.R-project.org/package=crul},
}

@Manual{glue,
  title = {glue: Interpreted String Literals},
  author = {Jim Hester},
  year = {2017},
  note = {R package version 1.2.0},
  url = {https://CRAN.R-project.org/package=glue},
}

@Manual{latticeExtra,
  title = {latticeExtra: Extra Graphical Utilities Based on Lattice},
  author = {Deepayan Sarkar and Felix Andrews},
  year = {2016},
  note = {R package version 0.6-28},
  url = {https://CRAN.R-project.org/package=latticeExtra},
}

@Manual{data.table,
  title = {data.table: Extension of `data.frame`},
  author = {Matt Dowle and Arun Srinivasan},
  year = {2018},
  note = {R package version 1.11.4},
  url = {https://CRAN.R-project.org/package=data.table},
}

@Manual{modelr,
  title = {modelr: Modelling Functions that Work with the Pipe},
  author = {Hadley Wickham},
  year = {2018},
  note = {R package version 0.1.2},
  url = {https://CRAN.R-project.org/package=modelr},
}

@Article{deSolve,
  title = {Solving Differential Equations in R: Package deSolve},
  author = {Karline Soetaert and Thomas Petzoldt and R. Woodrow Setzer},
  journal = {Journal of Statistical Software},
  volume = {33},
  number = {9},
  pages = {1--25},
  year = {2010},
  coden = {JSSOBK},
  issn = {1548-7660},
  url = {http://www.jstatsoft.org/v33/i09},
  doi = {10.18637/jss.v033.i09},
  keywords = {ordinary differential equations, partial differential
    equations, differential algebraic equations, initial value problems,
    R, FORTRAN, C},
}

@Manual{foreach,
  title = {foreach: Provides Foreach Looping Construct for R},
  author = {{Microsoft} and Steve Weston},
  year = {2017},
  note = {R package version 1.4.4},
  url = {https://CRAN.R-project.org/package=foreach},
}

@Manual{graphics,
  title = {R: A Language and Environment for Statistical Computing},
  author = {{R Core Team}},
  organization = {R Foundation for Statistical Computing},
  address = {Vienna, Austria},
  year = {2018},
  url = {https://www.R-project.org/},
}

@Manual{MatrixModels,
  title = {MatrixModels: Modelling with Sparse And Dense Matrices},
  author = {Douglas Bates and Martin Maechler},
  year = {2015},
  note = {R package version 0.4-1},
  url = {https://CRAN.R-project.org/package=MatrixModels},
}

@Manual{cellranger,
  title = {cellranger: Translate Spreadsheet Cell Ranges to Rows and Columns},
  author = {Jennifer Bryan},
  year = {2016},
  note = {R package version 1.1.0},
  url = {https://CRAN.R-project.org/package=cellranger},
}

@Manual{gtable,
  title = {gtable: Arrange 'Grobs' in Tables},
  author = {Hadley Wickham},
  year = {2016},
  note = {R package version 0.2.0},
  url = {https://CRAN.R-project.org/package=gtable},
}

@Manual{purrr,
  title = {purrr: Functional Programming Tools},
  author = {Lionel Henry and Hadley Wickham},
  year = {2018},
  note = {R package version 0.2.5},
  url = {https://CRAN.R-project.org/package=purrr},
}

@Manual{polyclip,
  title = {polyclip: Polygon Clipping},
  author = {Angus Johnson and Adrian Baddeley},
  year = {2018},
  note = {R package version 1.9-0},
  url = {https://CRAN.R-project.org/package=polyclip},
}

@Manual{tidyr,
  title = {tidyr: Easily Tidy Data with 'spread()' and 'gather()' Functions},
  author = {Hadley Wickham and Lionel Henry},
  year = {2018},
  note = {R package version 0.8.1},
  url = {https://CRAN.R-project.org/package=tidyr},
}

@Article{reshape,
  author = {Hadley Wickham},
  journal = {Journal of Statistical Software},
  number = {12},
  title = {Reshaping data with the reshape package},
  url = {http://www.jstatsoft.org/v21/i12/paper},
  volume = {21},
  year = {2007},
}

@Manual{assertthat,
  title = {assertthat: Easy Pre and Post Assertions},
  author = {Hadley Wickham},
  year = {2017},
  note = {R package version 0.2.0},
  url = {https://CRAN.R-project.org/package=assertthat},
}

@Book{ggplot2,
  author = {Hadley Wickham},
  title = {ggplot2: Elegant Graphics for Data Analysis},
  publisher = {Springer-Verlag New York},
  year = {2009},
  isbn = {978-0-387-98140-6},
  url = {http://ggplot2.org},
}

@Manual{xtable,
  title = {xtable: Export Tables to LaTeX or HTML},
  author = {David B. Dahl},
  year = {2016},
  note = {R package version 1.8-2},
  url = {https://CRAN.R-project.org/package=xtable},
}

@Manual{broom,
  title = {broom: Convert Statistical Analysis Objects into Tidy Data Frames},
  author = {David Robinson},
  year = {2018},
  note = {R package version 0.4.4},
  url = {https://CRAN.R-project.org/package=broom},
}

@Manual{tidyverse,
  title = {tidyverse: Easily Install and Load the 'Tidyverse'},
  author = {Hadley Wickham},
  year = {2017},
  note = {R package version 1.2.1},
  url = {https://CRAN.R-project.org/package=tidyverse},
}

@Manual{viridisLite,
  title = {viridisLite: Default Color Maps from 'matplotlib' (Lite Version)},
  author = {Simon Garnier},
  year = {2018},
  note = {R package version 0.3.0},
  url = {https://CRAN.R-project.org/package=viridisLite},
}

@Manual{tibble,
  title = {tibble: Simple Data Frames},
  author = {Kirill Müller and Hadley Wickham},
  year = {2018},
  note = {R package version 1.4.2},
  url = {https://CRAN.R-project.org/package=tibble},
}

@Article{canprot,
  title = {Chemical composition and the potential for proteomic transformation in cancer, hypoxia, and hyperosmotic stress},
  author = {Jeffrey M. Dick},
  journal = {PeerJ},
  year = {2017},
  volume = {5},
  number = {e3421},
  doi = {10.7717/peerj.3421},
}

@Manual{iterators,
  title = {iterators: Provides Iterator Construct for R},
  author = {Revolution Analytics and Steve Weston},
  year = {2017},
  note = {R package version 1.0.9},
  url = {https://CRAN.R-project.org/package=iterators},
}

@Manual{stats,
  title = {R: A Language and Environment for Statistical Computing},
  author = {{R Core Team}},
  organization = {R Foundation for Statistical Computing},
  address = {Vienna, Austria},
  year = {2018},
  url = {https://www.R-project.org/},
}

@Manual{bindrcpp,
  title = {bindrcpp: An 'Rcpp' Interface to Active Bindings},
  author = {Kirill Müller},
  year = {2018},
  note = {R package version 0.2.2},
  url = {https://CRAN.R-project.org/package=bindrcpp},
}

@Article{ggfortify1,
  author = {Yuan Tang and Masaaki Horikoshi and Wenxuan Li},
  title = {ggfortify: Unified Interface to Visualize Statistical Result of Popular R Packages},
  journal = {The R Journal},
  year = {2016},
  issue = {2},
  volume = {8},
  url = {https://journal.r-project.org/},
}

@Manual{ggfortify2,
  author = {Masaaki Horikoshi and Yuan Tang},
  title = {ggfortify: Data Visualization Tools for Statistical Analysis Results},
  year = {2018},
  url = {https://CRAN.R-project.org/package=ggfortify},
}

@Manual{here,
  title = {here: A Simpler Way to Find Your Files},
  author = {Kirill Müller},
  year = {2017},
  note = {R package version 0.1},
  url = {https://CRAN.R-project.org/package=here},
}
