@Manual{R-abind,
  title = {abind: Combine Multidimensional Arrays},
  author = {Tony Plate and Richard Heiberger},
  year = {2016},
  note = {R package version 1.4-5},
  url = {https://CRAN.R-project.org/package=abind},
}
@Manual{R-ape,
  title = {ape: Analyses of Phylogenetics and Evolution},
  author = {Emmanuel Paradis and Simon Blomberg and Ben Bolker and Joseph Brown and Julien Claude and Hoa Sien Cuong and Richard Desper and Gilles Didier and Benoit Durand and Julien Dutheil and RJ Ewing and Olivier Gascuel and Thomas Guillerme and Christoph Heibl and Anthony Ives and Bradley Jones and Franz Krah and Daniel Lawson and Vincent Lefort and Pierre Legendre and Jim Lemon and Rosemary McCloskey and Johan Nylander and Rainer Opgen-Rhein and Andrei-Alin Popescu and Manuela Royer-Carenzi and Klaus Schliep and Korbinian Strimmer and Damien {de Vienne}},
  year = {2018},
  note = {R package version 5.1},
  url = {https://CRAN.R-project.org/package=ape},
}
@Manual{R-assertthat,
  title = {assertthat: Easy Pre and Post Assertions},
  author = {Hadley Wickham},
  year = {2017},
  note = {R package version 0.2.0},
  url = {https://CRAN.R-project.org/package=assertthat},
}
@Manual{R-backports,
  title = {backports: Reimplementations of Functions Introduced Since R-3.0.0},
  author = {Michel Lang},
  year = {2017},
  note = {R package version 1.1.2},
  url = {https://CRAN.R-project.org/package=backports},
}
@Manual{R-base,
  title = {R: A Language and Environment for Statistical Computing},
  author = {{R Core Team}},
  organization = {R Foundation for Statistical Computing},
  address = {Vienna, Austria},
  year = {2018},
  url = {https://www.R-project.org/},
}
@Manual{R-bindr,
  title = {bindr: Parametrized Active Bindings},
  author = {Kirill Müller},
  year = {2018},
  note = {R package version 0.1.1},
  url = {https://CRAN.R-project.org/package=bindr},
}
@Manual{R-bindrcpp,
  title = {bindrcpp: An 'Rcpp' Interface to Active Bindings},
  author = {Kirill Müller},
  year = {2018},
  note = {R package version 0.2.2},
  url = {https://CRAN.R-project.org/package=bindrcpp},
}
@Manual{R-BiocInstaller,
  title = {BiocInstaller: Install/Update Bioconductor, CRAN, and github Packages},
  author = {Dan Tenenbaum and Biocore Team},
  year = {2018},
  note = {R package version 1.30.0},
}
@Manual{R-bold,
  title = {bold: Interface to Bold Systems API},
  author = {Scott Chamberlain},
  year = {2017},
  note = {R package version 0.5.0},
  url = {https://CRAN.R-project.org/package=bold},
}
@Manual{R-bookdown,
  title = {bookdown: Authoring Books and Technical Documents with R Markdown},
  author = {Yihui Xie},
  year = {2018},
  note = {R package version 0.7},
  url = {https://CRAN.R-project.org/package=bookdown},
}
@Manual{R-broom,
  title = {broom: Convert Statistical Analysis Objects into Tidy Data Frames},
  author = {David Robinson},
  year = {2018},
  note = {R package version 0.4.4},
  url = {https://CRAN.R-project.org/package=broom},
}
@Manual{R-canprot,
  title = {canprot: Chemical Composition of Differential Protein Expression},
  author = {Jeffrey Dick},
  year = {2018},
  note = {R package version 0.1.1},
  url = {https://CRAN.R-project.org/package=canprot},
}
@Manual{R-cellranger,
  title = {cellranger: Translate Spreadsheet Cell Ranges to Rows and Columns},
  author = {Jennifer Bryan},
  year = {2016},
  note = {R package version 1.1.0},
  url = {https://CRAN.R-project.org/package=cellranger},
}
@Manual{R-CHNOSZ,
  title = {CHNOSZ: Thermodynamic Calculations for Geobiochemistry},
  author = {Jeffrey Dick},
  year = {2017},
  note = {R package version 1.1.3},
  url = {https://CRAN.R-project.org/package=CHNOSZ},
}
@Manual{R-cli,
  title = {cli: Helpers for Developing Command Line Interfaces},
  author = {Gábor Csárdi},
  year = {2017},
  note = {R package version 1.0.0},
  url = {https://CRAN.R-project.org/package=cli},
}
@Manual{R-codetools,
  title = {codetools: Code Analysis Tools for R},
  author = {Luke Tierney},
  year = {2016},
  note = {R package version 0.2-15},
  url = {https://CRAN.R-project.org/package=codetools},
}
@Manual{R-colorspace,
  title = {colorspace: Color Space Manipulation},
  author = {Ross Ihaka and Paul Murrell and Kurt Hornik and Jason C. Fisher and Reto Stauffer and Achim Zeileis},
  year = {2016},
  note = {R package version 1.3-2},
  url = {https://CRAN.R-project.org/package=colorspace},
}
@Manual{R-cowplot,
  title = {cowplot: Streamlined Plot Theme and Plot Annotations for 'ggplot2'},
  author = {Claus O. Wilke},
  year = {2017},
  note = {R package version 0.9.2},
  url = {https://CRAN.R-project.org/package=cowplot},
}
@Manual{R-crayon,
  title = {crayon: Colored Terminal Output},
  author = {Gábor Csárdi},
  year = {2017},
  note = {R package version 1.3.4},
  url = {https://CRAN.R-project.org/package=crayon},
}
@Manual{R-crul,
  title = {crul: HTTP Client},
  author = {Scott Chamberlain},
  year = {2018},
  note = {R package version 0.5.2},
  url = {https://CRAN.R-project.org/package=crul},
}
@Manual{R-curl,
  title = {curl: A Modern and Flexible Web Client for R},
  author = {Jeroen Ooms},
  year = {2018},
  note = {R package version 3.2},
  url = {https://CRAN.R-project.org/package=curl},
}
@Manual{R-data.table,
  title = {data.table: Extension of `data.frame`},
  author = {Matt Dowle and Arun Srinivasan},
  year = {2018},
  note = {R package version 1.11.4},
  url = {https://CRAN.R-project.org/package=data.table},
}
@Manual{R-deldir,
  title = {deldir: Delaunay Triangulation and Dirichlet (Voronoi) Tessellation},
  author = {Rolf Turner},
  year = {2018},
  note = {R package version 0.1-15},
  url = {https://CRAN.R-project.org/package=deldir},
}
@Manual{R-deSolve,
  title = {deSolve: Solvers for Initial Value Problems of Differential Equations
('ODE', 'DAE', 'DDE')},
  author = {Karline Soetaert and Thomas Petzoldt and R. Woodrow Setzer},
  year = {2018},
  note = {R package version 1.21},
  url = {https://CRAN.R-project.org/package=deSolve},
}
@Manual{R-devtools,
  title = {devtools: Tools to Make Developing R Packages Easier},
  author = {Hadley Wickham and Jim Hester and Winston Chang},
  year = {2018},
  note = {R package version 1.13.5},
  url = {https://CRAN.R-project.org/package=devtools},
}
@Manual{R-digest,
  title = {digest: Create Compact Hash Digests of R Objects},
  author = {Dirk Eddelbuettel with contributions by Antoine Lucas and Jarek Tuszynski and Henrik Bengtsson and Simon Urbanek and Mario Frasca and Bryan Lewis and Murray Stokely and Hannes Muehleisen and Duncan Murdoch and Jim Hester and Wush Wu and Qiang Kou and Thierry Onkelinx and Michel Lang and Viliam Simko and Kurt Hornik.},
  year = {2018},
  note = {R package version 0.6.15},
  url = {https://CRAN.R-project.org/package=digest},
}
@Manual{R-dplyr,
  title = {dplyr: A Grammar of Data Manipulation},
  author = {Hadley Wickham and Romain François and Lionel Henry and Kirill Müller},
  year = {2018},
  note = {R package version 0.7.5},
  url = {https://CRAN.R-project.org/package=dplyr},
}
@Manual{R-evaluate,
  title = {evaluate: Parsing and Evaluation Tools that Provide More Details than the
Default},
  author = {Hadley Wickham},
  year = {2017},
  note = {R package version 0.10.1},
  url = {https://CRAN.R-project.org/package=evaluate},
}
@Manual{R-forcats,
  title = {forcats: Tools for Working with Categorical Variables (Factors)},
  author = {Hadley Wickham},
  year = {2018},
  note = {R package version 0.3.0},
  url = {https://CRAN.R-project.org/package=forcats},
}
@Manual{R-foreach,
  title = {foreach: Provides Foreach Looping Construct for R},
  author = {{Microsoft} and Steve Weston},
  year = {2017},
  note = {R package version 1.4.4},
  url = {https://CRAN.R-project.org/package=foreach},
}
@Manual{R-foreign,
  title = {foreign: Read Data Stored by 'Minitab', 'S', 'SAS', 'SPSS', 'Stata',
'Systat', 'Weka', 'dBase', ...},
  author = {{R Core Team}},
  year = {2017},
  note = {R package version 0.8-70},
  url = {https://CRAN.R-project.org/package=foreign},
}
@Manual{R-ggfortify,
  title = {ggfortify: Data Visualization Tools for Statistical Analysis Results},
  author = {Masaaki Horikoshi and Yuan Tang},
  year = {2018},
  note = {R package version 0.4.5},
  url = {https://CRAN.R-project.org/package=ggfortify},
}
@Manual{R-ggplot2,
  title = {ggplot2: Create Elegant Data Visualisations Using the Grammar of Graphics},
  author = {Hadley Wickham and Winston Chang},
  year = {2016},
  note = {R package version 2.2.1},
  url = {https://CRAN.R-project.org/package=ggplot2},
}
@Manual{R-ggspatial,
  title = {ggspatial: Spatial Data Framework for ggplot2},
  author = {Dewey Dunnington},
  year = {2017},
  note = {R package version 0.2.1},
  url = {https://CRAN.R-project.org/package=ggspatial},
}
@Manual{R-git2r,
  title = {git2r: Provides Access to Git Repositories},
  author = {See AUTHORS file.},
  year = {2018},
  note = {R package version 0.21.0},
  url = {https://CRAN.R-project.org/package=git2r},
}
@Manual{R-glue,
  title = {glue: Interpreted String Literals},
  author = {Jim Hester},
  year = {2017},
  note = {R package version 1.2.0},
  url = {https://CRAN.R-project.org/package=glue},
}
@Manual{R-goftest,
  title = {goftest: Classical Goodness-of-Fit Tests for Univariate Distributions},
  author = {Julian Faraway and George Marsaglia and John Marsaglia and Adrian Baddeley},
  year = {2017},
  note = {R package version 1.1-1},
  url = {https://CRAN.R-project.org/package=goftest},
}
@Manual{R-gridExtra,
  title = {gridExtra: Miscellaneous Functions for "Grid" Graphics},
  author = {Baptiste Auguie},
  year = {2017},
  note = {R package version 2.3},
  url = {https://CRAN.R-project.org/package=gridExtra},
}
@Manual{R-gtable,
  title = {gtable: Arrange 'Grobs' in Tables},
  author = {Hadley Wickham},
  year = {2016},
  note = {R package version 0.2.0},
  url = {https://CRAN.R-project.org/package=gtable},
}
@Manual{R-haven,
  title = {haven: Import and Export 'SPSS', 'Stata' and 'SAS' Files},
  author = {Hadley Wickham and Evan Miller},
  year = {2018},
  note = {R package version 1.1.2},
  url = {https://CRAN.R-project.org/package=haven},
}
@Manual{R-here,
  title = {here: A Simpler Way to Find Your Files},
  author = {Kirill Müller},
  year = {2017},
  note = {R package version 0.1},
  url = {https://CRAN.R-project.org/package=here},
}
@Manual{R-hexbin,
  title = {hexbin: Hexagonal Binning Routines},
  author = {Dan Carr and ported by Nicholas Lewin-Koh and Martin Maechler and contains copies of lattice functions written by Deepayan Sarkar},
  year = {2018},
  note = {R package version 1.27.2},
  url = {https://CRAN.R-project.org/package=hexbin},
}
@Manual{R-hms,
  title = {hms: Pretty Time of Day},
  author = {Kirill Müller},
  year = {2018},
  note = {R package version 0.4.2},
  url = {https://CRAN.R-project.org/package=hms},
}
@Manual{R-htmltools,
  title = {htmltools: Tools for HTML},
  author = {{RStudio} and {Inc.}},
  year = {2017},
  note = {R package version 0.3.6},
  url = {https://CRAN.R-project.org/package=htmltools},
}
@Manual{R-httr,
  title = {httr: Tools for Working with URLs and HTTP},
  author = {Hadley Wickham},
  year = {2017},
  note = {R package version 1.3.1},
  url = {https://CRAN.R-project.org/package=httr},
}
@Manual{R-iterators,
  title = {iterators: Provides Iterator Construct for R},
  author = {Revolution Analytics and Steve Weston},
  year = {2017},
  note = {R package version 1.0.9},
  url = {https://CRAN.R-project.org/package=iterators},
}
@Manual{R-jsonlite,
  title = {jsonlite: A Robust, High Performance JSON Parser and Generator for R},
  author = {Jeroen Ooms and Duncan Temple Lang and Lloyd Hilaiel},
  year = {2017},
  note = {R package version 1.5},
  url = {https://CRAN.R-project.org/package=jsonlite},
}
@Manual{R-knitr,
  title = {knitr: A General-Purpose Package for Dynamic Report Generation in R},
  author = {Yihui Xie},
  year = {2018},
  note = {R package version 1.20},
  url = {https://CRAN.R-project.org/package=knitr},
}
@Manual{R-labeling,
  title = {labeling: Axis Labeling},
  author = {Justin Talbot},
  year = {2014},
  note = {R package version 0.3},
  url = {https://CRAN.R-project.org/package=labeling},
}
@Manual{R-lattice,
  title = {lattice: Trellis Graphics for R},
  author = {Deepayan Sarkar},
  year = {2017},
  note = {R package version 0.20-35},
  url = {https://CRAN.R-project.org/package=lattice},
}
@Manual{R-latticeExtra,
  title = {latticeExtra: Extra Graphical Utilities Based on Lattice},
  author = {Deepayan Sarkar and Felix Andrews},
  year = {2016},
  note = {R package version 0.6-28},
  url = {https://CRAN.R-project.org/package=latticeExtra},
}
@Manual{R-lazyeval,
  title = {lazyeval: Lazy (Non-Standard) Evaluation},
  author = {Hadley Wickham},
  year = {2017},
  note = {R package version 0.2.1},
  url = {https://CRAN.R-project.org/package=lazyeval},
}
@Manual{R-lmodel2,
  title = {lmodel2: Model II Regression},
  author = {Pierre Legendre},
  year = {2018},
  note = {R package version 1.7-3},
  url = {https://CRAN.R-project.org/package=lmodel2},
}
@Manual{R-lubridate,
  title = {lubridate: Make Dealing with Dates a Little Easier},
  author = {Vitalie Spinu and Garrett Grolemund and Hadley Wickham},
  year = {2018},
  note = {R package version 1.7.4},
  url = {https://CRAN.R-project.org/package=lubridate},
}
@Manual{R-magrittr,
  title = {magrittr: A Forward-Pipe Operator for R},
  author = {Stefan Milton Bache and Hadley Wickham},
  year = {2014},
  note = {R package version 1.5},
  url = {https://CRAN.R-project.org/package=magrittr},
}
@Manual{R-mapproj,
  title = {mapproj: Map Projections},
  author = {Doug McIlroy. Packaged for R by Ray Brownrigg and Thomas P Minka and transition to Plan 9 codebase by Roger Bivand.},
  year = {2018},
  note = {R package version 1.2.6},
  url = {https://CRAN.R-project.org/package=mapproj},
}
@Manual{R-maps,
  title = {maps: Draw Geographical Maps},
  author = {Original S code by Richard A. Becker and Allan R. Wilks. R version by Ray Brownrigg. Enhancements by Thomas P Minka and Alex Deckmyn.},
  year = {2018},
  note = {R package version 3.3.0},
  url = {https://CRAN.R-project.org/package=maps},
}
@Manual{R-Matrix,
  title = {Matrix: Sparse and Dense Matrix Classes and Methods},
  author = {Douglas Bates and Martin Maechler},
  year = {2018},
  note = {R package version 1.2-14},
  url = {https://CRAN.R-project.org/package=Matrix},
}
@Manual{R-MatrixModels,
  title = {MatrixModels: Modelling with Sparse And Dense Matrices},
  author = {Douglas Bates and Martin Maechler},
  year = {2015},
  note = {R package version 0.4-1},
  url = {https://CRAN.R-project.org/package=MatrixModels},
}
@Manual{R-memoise,
  title = {memoise: Memoisation of Functions},
  author = {Hadley Wickham and Jim Hester and Kirill Müller and Daniel Cook},
  year = {2017},
  note = {R package version 1.1.0},
  url = {https://CRAN.R-project.org/package=memoise},
}
@Manual{R-mgcv,
  title = {mgcv: Mixed GAM Computation Vehicle with Automatic Smoothness
Estimation},
  author = {Simon Wood},
  year = {2018},
  note = {R package version 1.8-23},
  url = {https://CRAN.R-project.org/package=mgcv},
}
@Manual{R-minqa,
  title = {minqa: Derivative-free optimization algorithms by quadratic
approximation},
  author = {Douglas Bates and Katharine M. Mullen and John C. Nash and Ravi Varadhan},
  year = {2014},
  note = {R package version 1.2.4},
  url = {https://CRAN.R-project.org/package=minqa},
}
@Manual{R-mnormt,
  title = {mnormt: The Multivariate Normal and t Distributions},
  author = {Fortran code by Alan Genz and R code by Adelchi Azzalini},
  year = {2016},
  note = {R package version 1.5-5},
  url = {https://CRAN.R-project.org/package=mnormt},
}
@Manual{R-modelr,
  title = {modelr: Modelling Functions that Work with the Pipe},
  author = {Hadley Wickham},
  year = {2018},
  note = {R package version 0.1.2},
  url = {https://CRAN.R-project.org/package=modelr},
}
@Manual{R-munsell,
  title = {munsell: Utilities for Using Munsell Colours},
  author = {Charlotte Wickham},
  year = {2016},
  note = {R package version 0.4.3},
  url = {https://CRAN.R-project.org/package=munsell},
}
@Manual{R-nlme,
  title = {nlme: Linear and Nonlinear Mixed Effects Models},
  author = {José Pinheiro and Douglas Bates and {R-core}},
  year = {2018},
  note = {R package version 3.1-137},
  url = {https://CRAN.R-project.org/package=nlme},
}
@Manual{R-packrat,
  title = {packrat: A Dependency Management System for Projects and their R Package
Dependencies},
  author = {Kevin Ushey and Jonathan McPherson and Joe Cheng and Aron Atkins and JJ Allaire},
  year = {2018},
  note = {R package version 0.4.9-3},
  url = {https://CRAN.R-project.org/package=packrat},
}
@Manual{R-pacman,
  title = {pacman: Package Management Tool},
  author = {Tyler Rinker and Dason Kurkiewicz},
  year = {2017},
  note = {R package version 0.4.6},
  url = {https://CRAN.R-project.org/package=pacman},
}
@Manual{R-pillar,
  title = {pillar: Coloured Formatting for Columns},
  author = {Kirill Müller and Hadley Wickham},
  year = {2018},
  note = {R package version 1.2.3},
  url = {https://CRAN.R-project.org/package=pillar},
}
@Manual{R-pkgconfig,
  title = {pkgconfig: Private Configuration for 'R' Packages},
  author = {Gábor Csárdi},
  year = {2017},
  note = {R package version 2.0.1},
  url = {https://CRAN.R-project.org/package=pkgconfig},
}
@Manual{R-plyr,
  title = {plyr: Tools for Splitting, Applying and Combining Data},
  author = {Hadley Wickham},
  year = {2016},
  note = {R package version 1.8.4},
  url = {https://CRAN.R-project.org/package=plyr},
}
@Manual{R-png,
  title = {png: Read and write PNG images},
  author = {Simon Urbanek},
  year = {2013},
  note = {R package version 0.1-7},
  url = {https://CRAN.R-project.org/package=png},
}
@Manual{R-polyclip,
  title = {polyclip: Polygon Clipping},
  author = {Angus Johnson and Adrian Baddeley},
  year = {2018},
  note = {R package version 1.9-0},
  url = {https://CRAN.R-project.org/package=polyclip},
}
@Manual{R-psych,
  title = {psych: Procedures for Psychological, Psychometric, and Personality
Research},
  author = {William Revelle},
  year = {2018},
  note = {R package version 1.8.4},
  url = {https://CRAN.R-project.org/package=psych},
}
@Manual{R-purrr,
  title = {purrr: Functional Programming Tools},
  author = {Lionel Henry and Hadley Wickham},
  year = {2018},
  note = {R package version 0.2.5},
  url = {https://CRAN.R-project.org/package=purrr},
}
@Manual{R-quantreg,
  title = {quantreg: Quantile Regression},
  author = {Roger Koenker},
  year = {2018},
  note = {R package version 5.36},
  url = {https://CRAN.R-project.org/package=quantreg},
}
@Manual{R-R6,
  title = {R6: Classes with Reference Semantics},
  author = {Winston Chang},
  year = {2017},
  note = {R package version 2.2.2},
  url = {https://CRAN.R-project.org/package=R6},
}
@Manual{R-raster,
  title = {raster: Geographic Data Analysis and Modeling},
  author = {Robert J. Hijmans},
  year = {2017},
  note = {R package version 2.6-7},
  url = {https://CRAN.R-project.org/package=raster},
}
@Manual{R-rasterVis,
  title = {rasterVis: Visualization Methods for Raster Data},
  author = {Oscar {Perpinan Lamigueiro} and Robert Hijmans},
  year = {2018},
  note = {R package version 0.45},
  url = {https://CRAN.R-project.org/package=rasterVis},
}
@Manual{R-RColorBrewer,
  title = {RColorBrewer: ColorBrewer Palettes},
  author = {Erich Neuwirth},
  year = {2014},
  note = {R package version 1.1-2},
  url = {https://CRAN.R-project.org/package=RColorBrewer},
}
@Manual{R-Rcpp,
  title = {Rcpp: Seamless R and C++ Integration},
  author = {Dirk Eddelbuettel and Romain Francois and JJ Allaire and Kevin Ushey and Qiang Kou and Nathan Russell and Douglas Bates and John Chambers},
  year = {2018},
  note = {R package version 0.12.17},
  url = {https://CRAN.R-project.org/package=Rcpp},
}
@Manual{R-readr,
  title = {readr: Read Rectangular Text Data},
  author = {Hadley Wickham and Jim Hester and Romain Francois},
  year = {2017},
  note = {R package version 1.1.1},
  url = {https://CRAN.R-project.org/package=readr},
}
@Manual{R-readxl,
  title = {readxl: Read Excel Files},
  author = {Hadley Wickham and Jennifer Bryan},
  year = {2018},
  note = {R package version 1.1.0},
  url = {https://CRAN.R-project.org/package=readxl},
}
@Manual{R-reshape,
  title = {reshape: Flexibly Reshape Data},
  author = {Hadley Wickham},
  year = {2017},
  note = {R package version 0.8.7},
  url = {https://CRAN.R-project.org/package=reshape},
}
@Manual{R-reshape2,
  title = {reshape2: Flexibly Reshape Data: A Reboot of the Reshape Package},
  author = {Hadley Wickham},
  year = {2017},
  note = {R package version 1.4.3},
  url = {https://CRAN.R-project.org/package=reshape2},
}
@Manual{R-rgdal,
  title = {rgdal: Bindings for the 'Geospatial' Data Abstraction Library},
  author = {Roger Bivand and Tim Keitt and Barry Rowlingson},
  year = {2018},
  note = {R package version 1.3-3},
  url = {https://CRAN.R-project.org/package=rgdal},
}
@Manual{R-rlang,
  title = {rlang: Functions for Base Types and Core R and 'Tidyverse' Features},
  author = {Lionel Henry and Hadley Wickham},
  year = {2018},
  note = {R package version 0.2.1},
  url = {https://CRAN.R-project.org/package=rlang},
}
@Manual{R-rmarkdown,
  title = {rmarkdown: Dynamic Documents for R},
  author = {JJ Allaire and Yihui Xie and Jonathan McPherson and Javier Luraschi and Kevin Ushey and Aron Atkins and Hadley Wickham and Joe Cheng and Winston Chang},
  year = {2018},
  note = {R package version 1.9},
  url = {https://CRAN.R-project.org/package=rmarkdown},
}
@Manual{R-rosm,
  title = {rosm: Plot Raster Map Tiles from Open Street Map and Other Sources},
  author = {Dewey Dunnington},
  year = {2017},
  note = {R package version 0.2.2},
  url = {https://CRAN.R-project.org/package=rosm},
}
@Manual{R-rpart,
  title = {rpart: Recursive Partitioning and Regression Trees},
  author = {Terry Therneau and Beth Atkinson},
  year = {2018},
  note = {R package version 4.1-13},
  url = {https://CRAN.R-project.org/package=rpart},
}
@Manual{R-rprojroot,
  title = {rprojroot: Finding Files in Project Subdirectories},
  author = {Kirill Müller},
  year = {2018},
  note = {R package version 1.3-2},
  url = {https://CRAN.R-project.org/package=rprojroot},
}
@Manual{R-rstudioapi,
  title = {rstudioapi: Safely Access the RStudio API},
  author = {JJ Allaire and Hadley Wickham and Kevin Ushey and Gary Ritchie},
  year = {2017},
  note = {R package version 0.7},
  url = {https://CRAN.R-project.org/package=rstudioapi},
}
@Manual{R-rvest,
  title = {rvest: Easily Harvest (Scrape) Web Pages},
  author = {Hadley Wickham},
  year = {2016},
  note = {R package version 0.3.2},
  url = {https://CRAN.R-project.org/package=rvest},
}
@Manual{R-scales,
  title = {scales: Scale Functions for Visualization},
  author = {Hadley Wickham},
  year = {2017},
  note = {R package version 0.5.0},
  url = {https://CRAN.R-project.org/package=scales},
}
@Manual{R-simecol,
  title = {simecol: Simulation of Ecological (and Other) Dynamic Systems},
  author = {Thomas Petzoldt},
  year = {2018},
  note = {R package version 0.8-12},
  url = {https://CRAN.R-project.org/package=simecol},
}
@Manual{R-sp,
  title = {sp: Classes and Methods for Spatial Data},
  author = {Edzer Pebesma and Roger Bivand},
  year = {2018},
  note = {R package version 1.3-1},
  url = {https://CRAN.R-project.org/package=sp},
}
@Manual{R-SparseM,
  title = {SparseM: Sparse Linear Algebra},
  author = {Roger Koenker and Pin Ng},
  year = {2017},
  note = {R package version 1.77},
  url = {https://CRAN.R-project.org/package=SparseM},
}
@Manual{R-spatstat,
  title = {spatstat: Spatial Point Pattern Analysis, Model-Fitting, Simulation, Tests},
  author = {Adrian Baddeley and Rolf Turner and Ege Rubak and with substantial contributions of code by Kasper Klitgaard Berthelsen; Ottmar Cronie; Yongtao Guan; Ute Hahn; Abdollah Jalilian; Marie-Colette van Lieshout; Greg McSwiggan; Tuomas Rajala; Suman Rakshit; Dominic Schuhmacher; Rasmus Waagepetersen; and Hangsheng Wang. Additional contributions by M. Adepeju; C. Anderson; Q.W. Ang; J. Astrom; M. Austenfeld; S. Azaele; M. Baddeley; C. Beale; M. Bell; R. Bernhardt; T. Bendtsen; A. Bevan; B. Biggerstaff; A. Bilgrau; L. Bischof; C. Biscio; R. Bivand; J.M. Blanco Moreno; F. Bonneu; J. Burgos; S. Byers; Y.M. Chang; J.B. Chen; I. Chernayavsky; Y.C. Chin; B. Christensen; J.-F. Coeurjolly; K. Colyvas; R. Constantine; R. Corria Ainslie; R. Cotton; M. de la Cruz; P. Dalgaard; M. D'Antuono; S. Das; T. Davies; P.J. Diggle; P. Donnelly; I. Dryden; S. Eglen; A. El-Gabbas; B. Fandohan; O. Flores; E.D. Ford; P. Forbes; S. Frank; J. Franklin; N. Funwi-Gabga; O. Garcia; A. Gault; J. Geldmann; M. Genton; S. Ghalandarayeshi; J. Gilbey; J. Goldstick; P. Grabarnik; C. Graf; U. Hahn; A. Hardegen; M.B. Hansen; M. Hazelton; J. Heikkinen; M. Hering; M. Herrmann; P. Hewson; K. Hingee; K. Hornik; P. Hunziker; J. Hywood; R. Ihaka; C. Icos; A. Jammalamadaka; R. John-Chandran; D. Johnson; M. Khanmohammadi; R. Klaver; P. Kovesi; L. Kozmian-Ledward; M. Kuhn; J. Laake; F. Lavancier; T. Lawrence; R.A. Lamb; J. Lee; G.P. Leser; A. Li; H.T. Li; G. Limitsios; A. Lister; B. Madin; M. Maechler; J. Marcus; K. Marchikanti; R. Mark; J. Mateu; P. McCullagh; U. Mehlig; F. Mestre; S. Meyer; X.C. Mi; L. De Middeleer; R.K. Milne; E. Miranda; J. Moller; I. Moncada; M. Moradi; V. Morera Pujol; E. Mudrak; G.M. Nair; N. Najari; N. Nava; L.S. Nielsen; F. Nunes; J.R. Nyengaard; J. Oehlschlaegel; T. Onkelinx; S. O'Riordan; E. Parilov; J. Picka; N. Picard; M. Porter; S. Protsiv; A. Raftery; S. Rakshit; B. Ramage; P. Ramon; X. Raynaud; N. Read; M. Reiter; I. Renner; T.O. Richardson; B.D. Ripley; E. Rosenbaum; B. Rowlingson; J. Rudokas; J. Rudge; C. Ryan; F. Safavimanesh; A. Sarkka; C. Schank; K. Schladitz; S. Schutte; B.T. Scott; O. Semboli; F. Semecurbe; V. Shcherbakov; G.C. Shen; P. Shi; H.-J. Ship; T.L. Silva; I.-M. Sintorn; Y. Song; M. Spiess; M. Stevenson; K. Stucki; M. Sumner; P. Surovy; B. Taylor; T. Thorarinsdottir; L. Torres; B. Turlach; T. Tvedebrink; K. Ummer; M. Uppala; A. van Burgel; T. Verbeke; M. Vihtakari; A. Villers; F. Vinatier; S. Voss; S. Wagner; H. Wang; H. Wendrock; J. Wild; C. Witthoft; S. Wong; M. Woringer; M.E. Zamboni and A. Zeileis.},
  year = {2018},
  note = {R package version 1.56-0},
  url = {https://CRAN.R-project.org/package=spatstat},
}
@Manual{R-spatstat.data,
  title = {spatstat.data: Datasets for 'spatstat'},
  author = {Adrian Baddeley and Rolf Turner and Ege Rubak},
  year = {2018},
  note = {R package version 1.3-1},
  url = {https://CRAN.R-project.org/package=spatstat.data},
}
@Manual{R-spatstat.utils,
  title = {spatstat.utils: Utility Functions for 'spatstat'},
  author = {Adrian Baddeley and Rolf Turner and Ege Rubak},
  year = {2018},
  note = {R package version 1.8-2},
  url = {https://CRAN.R-project.org/package=spatstat.utils},
}
@Manual{R-stringi,
  title = {stringi: Character String Processing Facilities},
  author = {Marek Gagolewski and Bartek Tartanus and and other contributors; IBM and other contributors; Unicode and {Inc.}},
  year = {2018},
  note = {R package version 1.2.2},
  url = {https://CRAN.R-project.org/package=stringi},
}
@Manual{R-stringr,
  title = {stringr: Simple, Consistent Wrappers for Common String Operations},
  author = {Hadley Wickham},
  year = {2018},
  note = {R package version 1.3.1},
  url = {https://CRAN.R-project.org/package=stringr},
}
@Manual{R-taxize,
  title = {taxize: Taxonomic Information from Around the Web},
  author = {Scott Chamberlain and Eduard Szoecs and Zachary Foster and Zebulun Arendsee},
  year = {2018},
  note = {R package version 0.9.3},
  url = {https://CRAN.R-project.org/package=taxize},
}
@Manual{R-tensor,
  title = {tensor: Tensor product of arrays},
  author = {Jonathan Rougier},
  year = {2012},
  note = {R package version 1.5},
  url = {https://CRAN.R-project.org/package=tensor},
}
@Manual{R-tibble,
  title = {tibble: Simple Data Frames},
  author = {Kirill Müller and Hadley Wickham},
  year = {2018},
  note = {R package version 1.4.2},
  url = {https://CRAN.R-project.org/package=tibble},
}
@Manual{R-tidyr,
  title = {tidyr: Easily Tidy Data with 'spread()' and 'gather()' Functions},
  author = {Hadley Wickham and Lionel Henry},
  year = {2018},
  note = {R package version 0.8.1},
  url = {https://CRAN.R-project.org/package=tidyr},
}
@Manual{R-tidyselect,
  title = {tidyselect: Select from a Set of Strings},
  author = {Lionel Henry and Hadley Wickham},
  year = {2018},
  note = {R package version 0.2.4},
  url = {https://CRAN.R-project.org/package=tidyselect},
}
@Manual{R-tidyverse,
  title = {tidyverse: Easily Install and Load the 'Tidyverse'},
  author = {Hadley Wickham},
  year = {2017},
  note = {R package version 1.2.1},
  url = {https://CRAN.R-project.org/package=tidyverse},
}
@Manual{R-utf8,
  title = {utf8: Unicode Text Processing},
  author = {Patrick O. Perry},
  year = {2018},
  note = {R package version 1.1.4},
  url = {https://CRAN.R-project.org/package=utf8},
}
@Manual{R-viridisLite,
  title = {viridisLite: Default Color Maps from 'matplotlib' (Lite Version)},
  author = {Simon Garnier},
  year = {2018},
  note = {R package version 0.3.0},
  url = {https://CRAN.R-project.org/package=viridisLite},
}
@Manual{R-visreg,
  title = {visreg: Visualization of Regression Models},
  author = {Patrick Breheny and Woodrow Burchett},
  year = {2018},
  note = {R package version 2.5-0},
  url = {https://CRAN.R-project.org/package=visreg},
}
@Manual{R-withr,
  title = {withr: Run Code 'With' Temporarily Modified Global State},
  author = {Jim Hester and Kirill Müller and Kevin Ushey and Hadley Wickham and Winston Chang},
  year = {2018},
  note = {R package version 2.1.2},
  url = {https://CRAN.R-project.org/package=withr},
}
@Manual{R-xfun,
  title = {xfun: Miscellaneous Functions by 'Yihui Xie'},
  author = {Yihui Xie},
  year = {2018},
  note = {R package version 0.2},
  url = {https://CRAN.R-project.org/package=xfun},
}
@Manual{R-xml2,
  title = {xml2: Parse XML},
  author = {Hadley Wickham and James Hester and Jeroen Ooms},
  year = {2018},
  note = {R package version 1.2.0},
  url = {https://CRAN.R-project.org/package=xml2},
}
@Manual{R-xtable,
  title = {xtable: Export Tables to LaTeX or HTML},
  author = {David B. Dahl},
  year = {2016},
  note = {R package version 1.8-2},
  url = {https://CRAN.R-project.org/package=xtable},
}
@Manual{R-yaml,
  title = {yaml: Methods to Convert R Data to YAML and Back},
  author = {Jeremy Stephens and Kirill Simonov and Yihui Xie and Zhuoer Dong and Hadley Wickham and Jeffrey Horner and {reikoch} and Will Beasley and Brendan O'Connor and Gregory R. Warnes},
  year = {2018},
  note = {R package version 2.1.19},
  url = {https://CRAN.R-project.org/package=yaml},
}
@Manual{R-zoo,
  title = {zoo: S3 Infrastructure for Regular and Irregular Time Series (Z's
Ordered Observations)},
  author = {Achim Zeileis and Gabor Grothendieck and Jeffrey A. Ryan},
  year = {2018},
  note = {R package version 1.8-2},
  url = {https://CRAN.R-project.org/package=zoo},
}
